<?xml version="1.0" encoding="UTF-8"?><collection xmlns="http://www.loc.gov/MARC21/slim"><record><leader>00422nam--2200133-i-4500</leader><controlfield tag="001">000038974</controlfield><controlfield tag="002">20161230</controlfield><controlfield tag="005">20161230201042</controlfield><controlfield tag="008">060222s1000------------r-----000-0-eng-d</controlfield><datafield ind1=" " ind2=" " tag="080"><subfield code="a">539.171.4:681.3.06</subfield></datafield><datafield ind1=" " ind2=" " tag="100"><subfield code="a">Richardson,Allen C.B</subfield></datafield><datafield ind1=" " ind2=" " tag="245"><subfield code="a">Multiple scattering corrections for the associated-particle neutron time-of-flight technique</subfield></datafield><datafield ind1=" " ind2=" " tag="260"><subfield code="a">Washington,U.S.Government Printing Office, 1969. 66 P</subfield></datafield><datafield ind1=" " ind2=" " tag="852"><subfield code="a">36300</subfield></datafield></record></collection>